<?xml version="1.0" encoding="UTF-8"?><collection xmlns="http://www.loc.gov/MARC21/slim"><record><leader>00646nam--2200205-u-4500</leader><controlfield tag="001">000055987</controlfield><controlfield tag="002">20161230</controlfield><controlfield tag="005">20161230201052</controlfield><controlfield tag="008">140224s1000------------r-----000-0-eng-d</controlfield><datafield ind1=" " ind2=" " tag="020"><subfield code="a">9789738810945</subfield></datafield><datafield ind1=" " ind2=" " tag="040"><subfield code="a">IFIN-HH</subfield></datafield><datafield ind1=" " ind2=" " tag="080"><subfield code="a">537.533.35</subfield></datafield><datafield ind1="1" ind2=" " tag="100"><subfield code="a">Micoulaut, M</subfield></datafield><datafield ind1="1" ind2="0" tag="245"><subfield code="a">Rigidity and boolchand intermediate phases in nanomaterials</subfield><subfield code="b">Optoelectronic materials and devices vol.6</subfield><subfield code="c">M. micoulaut, m.popescu (eds.)</subfield></datafield><datafield ind1=" " ind2=" " tag="260"><subfield code="a">Bucharest-magurele</subfield><subfield code="b">Inoe</subfield><subfield code="c">2009</subfield></datafield><datafield ind1=" " ind2=" " tag="300"><subfield code="a">430P</subfield></datafield><datafield ind1=" " ind2=" " tag="490"><subfield code="a">Optoelectronic Materials And Devices</subfield><subfield code="v">Vol.6</subfield></datafield><datafield ind1=" " ind2=" " tag="700"><subfield code="a">Popescu, Mihai</subfield><subfield code="e">Ed</subfield></datafield><datafield ind1=" " ind2=" " tag="852"><subfield code="a">82317</subfield><subfield code="c">537.533.35</subfield></datafield><datafield ind1=" " ind2=" " tag="CAT"><subfield code="a">Sys</subfield><subfield code="c">20140224</subfield><subfield code="h">171014</subfield></datafield></record></collection>